%YAML 1.1
%TAG !u! tag:unity3d.com,2011:
--- !u!1 &5450546624302166126
GameObject:
  m_ObjectHideFlags: 0
  m_CorrespondingSourceObject: {fileID: 0}
  m_PrefabInstance: {fileID: 0}
  m_PrefabAsset: {fileID: 0}
  serializedVersion: 6
  m_Component:
  - component: {fileID: 6322604238703210186}
  - component: {fileID: 9043026812478374328}
  - component: {fileID: 2582107657190170585}
  - component: {fileID: 1036225778213982618}
  - component: {fileID: 5676868918326967109}
  m_Layer: 0
  m_Name: Boid
  m_TagString: Untagged
  m_Icon: {fileID: 0}
  m_NavMeshLayer: 0
  m_StaticEditorFlags: 0
  m_IsActive: 1
--- !u!4 &6322604238703210186
Transform:
  m_ObjectHideFlags: 0
  m_CorrespondingSourceObject: {fileID: 0}
  m_PrefabInstance: {fileID: 0}
  m_PrefabAsset: {fileID: 0}
  m_GameObject: {fileID: 5450546624302166126}
  m_LocalRotation: {x: 0, y: 0, z: 0, w: 1}
  m_LocalPosition: {x: 0, y: 0, z: 0}
  m_LocalScale: {x: 1, y: 1, z: 1}
  m_Children:
  - {fileID: 4226079017728637874}
  m_Father: {fileID: 0}
  m_RootOrder: 0
  m_LocalEulerAnglesHint: {x: 0, y: 0, z: 0}
--- !u!96 &9043026812478374328
TrailRenderer:
  serializedVersion: 2
  m_ObjectHideFlags: 0
  m_CorrespondingSourceObject: {fileID: 0}
  m_PrefabInstance: {fileID: 0}
  m_PrefabAsset: {fileID: 0}
  m_GameObject: {fileID: 5450546624302166126}
  m_Enabled: 1
  m_CastShadows: 1
  m_ReceiveShadows: 1
  m_DynamicOccludee: 1
  m_MotionVectors: 0
  m_LightProbeUsage: 0
  m_ReflectionProbeUsage: 0
  m_RayTracingMode: 0
  m_RayTraceProcedural: 0
  m_RenderingLayerMask: 1
  m_RendererPriority: 0
  m_Materials:
  - {fileID: 10306, guid: 0000000000000000f000000000000000, type: 0}
  m_StaticBatchInfo:
    firstSubMesh: 0
    subMeshCount: 0
  m_StaticBatchRoot: {fileID: 0}
  m_ProbeAnchor: {fileID: 0}
  m_LightProbeVolumeOverride: {fileID: 0}
  m_ScaleInLightmap: 1
  m_ReceiveGI: 1
  m_PreserveUVs: 0
  m_IgnoreNormalsForChartDetection: 0
  m_ImportantGI: 0
  m_StitchLightmapSeams: 1
  m_SelectedEditorRenderState: 3
  m_MinimumChartSize: 4
  m_AutoUVMaxDistance: 0.5
  m_AutoUVMaxAngle: 89
  m_LightmapParameters: {fileID: 0}
  m_SortingLayerID: 0
  m_SortingLayer: 0
  m_SortingOrder: 0
  m_Time: 0.5
  m_Parameters:
    serializedVersion: 3
    widthMultiplier: 0.08
    widthCurve:
      serializedVersion: 2
      m_Curve:
      - serializedVersion: 3
        time: 0
        value: 1
        inSlope: 0
        outSlope: 0
        tangentMode: 0
        weightedMode: 0
        inWeight: 0.33333334
        outWeight: 0.33333334
      - serializedVersion: 3
        time: 0.4748537
        value: 0.3647737
        inSlope: -1.8010722
        outSlope: -1.8010722
        tangentMode: 0
        weightedMode: 0
        inWeight: 0
        outWeight: 0.1861805
      - serializedVersion: 3
        time: 1
        value: 0
        inSlope: 0
        outSlope: 0
        tangentMode: 0
        weightedMode: 0
        inWeight: 0
        outWeight: 0
      m_PreInfinity: 2
      m_PostInfinity: 2
      m_RotationOrder: 4
    colorGradient:
      serializedVersion: 2
      key0: {r: 0.8301887, g: 0.8301887, b: 0.8301887, a: 1}
      key1: {r: 0.91609323, g: 0.91609323, b: 0.91609323, a: 0.8156863}
      key2: {r: 0.9610433, g: 0.9610433, b: 0.9610433, a: 0.6392157}
      key3: {r: 1, g: 1, b: 1, a: 0}
      key4: {r: 1, g: 1, b: 1, a: 0}
      key5: {r: 0, g: 0, b: 0, a: 0}
      key6: {r: 0, g: 0, b: 0, a: 0}
      key7: {r: 0, g: 0, b: 0, a: 0}
      ctime0: 0
      ctime1: 33153
      ctime2: 50501
      ctime3: 65535
      ctime4: 65535
      ctime5: 0
      ctime6: 0
      ctime7: 0
      atime0: 0
      atime1: 33539
      atime2: 50501
      atime3: 65535
      atime4: 0
      atime5: 0
      atime6: 0
      atime7: 0
      m_Mode: 0
      m_NumColorKeys: 4
      m_NumAlphaKeys: 4
    numCornerVertices: 0
    numCapVertices: 0
    alignment: 0
    textureMode: 0
    shadowBias: 0.5
    generateLightingData: 0
  m_MinVertexDistance: 0.1
  m_Autodestruct: 0
  m_Emitting: 1
--- !u!114 &2582107657190170585
MonoBehaviour:
  m_ObjectHideFlags: 0
  m_CorrespondingSourceObject: {fileID: 0}
  m_PrefabInstance: {fileID: 0}
  m_PrefabAsset: {fileID: 0}
  m_GameObject: {fileID: 5450546624302166126}
  m_Enabled: 1
  m_EditorHideFlags: 0
  m_Script: {fileID: 11500000, guid: 83a18dffd4c1e8b4ea762d06039169f5, type: 3}
  m_Name: 
  m_EditorClassIdentifier: 
  Data:
    Mates: 0
    Position: {x: 0, y: 0, z: 0}
    Velocity: {x: 0, y: 0, z: 0}
    Acceleration: {x: 0, y: 0, z: 0}
  Target: {fileID: 0}
  Parameters: {fileID: 0}
  TargetDir: {x: 0, y: 0, z: 0}
--- !u!114 &1036225778213982618
MonoBehaviour:
  m_ObjectHideFlags: 0
  m_CorrespondingSourceObject: {fileID: 0}
  m_PrefabInstance: {fileID: 0}
  m_PrefabAsset: {fileID: 0}
  m_GameObject: {fileID: 5450546624302166126}
  m_Enabled: 1
  m_EditorHideFlags: 0
  m_Script: {fileID: 11500000, guid: 2f2c8cb93fd048d40a20704296837189, type: 3}
  m_Name: 
  m_EditorClassIdentifier: 
  m_Container:
  - {fileID: 11400000, guid: f5aedd201a84c7742bd0a0bf4e8d7018, type: 2}
  - {fileID: 11400000, guid: 92e63d8710736a840acc07f584fb3ee1, type: 2}
  - {fileID: 11400000, guid: e16591477ae9b644e9ce9411f4ad0508, type: 2}
  <DefaultState>k__BackingField: 2
  <Actor>k__BackingField: {fileID: 2582107657190170585}
--- !u!135 &5676868918326967109
SphereCollider:
  m_ObjectHideFlags: 0
  m_CorrespondingSourceObject: {fileID: 0}
  m_PrefabInstance: {fileID: 0}
  m_PrefabAsset: {fileID: 0}
  m_GameObject: {fileID: 5450546624302166126}
  m_Material: {fileID: 0}
  m_IsTrigger: 1
  m_Enabled: 1
  serializedVersion: 2
  m_Radius: 0.5
  m_Center: {x: 0, y: 0, z: 0}
--- !u!1001 &4408097166939069529
PrefabInstance:
  m_ObjectHideFlags: 0
  serializedVersion: 2
  m_Modification:
    m_TransformParent: {fileID: 6322604238703210186}
    m_Modifications:
    - target: {fileID: -8679921383154817045, guid: 64631ef4264f6b74eaa3c8d45005f347, type: 3}
      propertyPath: m_RootOrder
      value: 0
      objectReference: {fileID: 0}
    - target: {fileID: -8679921383154817045, guid: 64631ef4264f6b74eaa3c8d45005f347, type: 3}
      propertyPath: m_LocalPosition.x
      value: 0
      objectReference: {fileID: 0}
    - target: {fileID: -8679921383154817045, guid: 64631ef4264f6b74eaa3c8d45005f347, type: 3}
      propertyPath: m_LocalPosition.y
      value: 0
      objectReference: {fileID: 0}
    - target: {fileID: -8679921383154817045, guid: 64631ef4264f6b74eaa3c8d45005f347, type: 3}
      propertyPath: m_LocalPosition.z
      value: 0.15
      objectReference: {fileID: 0}
    - target: {fileID: -8679921383154817045, guid: 64631ef4264f6b74eaa3c8d45005f347, type: 3}
      propertyPath: m_LocalRotation.w
      value: 1
      objectReference: {fileID: 0}
    - target: {fileID: -8679921383154817045, guid: 64631ef4264f6b74eaa3c8d45005f347, type: 3}
      propertyPath: m_LocalRotation.x
      value: 0
      objectReference: {fileID: 0}
    - target: {fileID: -8679921383154817045, guid: 64631ef4264f6b74eaa3c8d45005f347, type: 3}
      propertyPath: m_LocalRotation.y
      value: 0
      objectReference: {fileID: 0}
    - target: {fileID: -8679921383154817045, guid: 64631ef4264f6b74eaa3c8d45005f347, type: 3}
      propertyPath: m_LocalRotation.z
      value: 0
      objectReference: {fileID: 0}
    - target: {fileID: -8679921383154817045, guid: 64631ef4264f6b74eaa3c8d45005f347, type: 3}
      propertyPath: m_LocalEulerAnglesHint.x
      value: 0
      objectReference: {fileID: 0}
    - target: {fileID: -8679921383154817045, guid: 64631ef4264f6b74eaa3c8d45005f347, type: 3}
      propertyPath: m_LocalEulerAnglesHint.y
      value: 0
      objectReference: {fileID: 0}
    - target: {fileID: -8679921383154817045, guid: 64631ef4264f6b74eaa3c8d45005f347, type: 3}
      propertyPath: m_LocalEulerAnglesHint.z
      value: 0
      objectReference: {fileID: 0}
    - target: {fileID: 919132149155446097, guid: 64631ef4264f6b74eaa3c8d45005f347, type: 3}
      propertyPath: m_Name
      value: Boo
      objectReference: {fileID: 0}
    m_RemovedComponents: []
  m_SourcePrefab: {fileID: 100100000, guid: 64631ef4264f6b74eaa3c8d45005f347, type: 3}
--- !u!4 &4226079017728637874 stripped
Transform:
  m_CorrespondingSourceObject: {fileID: -8679921383154817045, guid: 64631ef4264f6b74eaa3c8d45005f347, type: 3}
  m_PrefabInstance: {fileID: 4408097166939069529}
  m_PrefabAsset: {fileID: 0}
